%YAML 1.1
%TAG !u! tag:unity3d.com,2011:
--- !u!1001 &100100000
Prefab:
  m_ObjectHideFlags: 1
  serializedVersion: 2
  m_Modification:
    m_TransformParent: {fileID: 0}
    m_Modifications: []
    m_RemovedComponents: []
  m_ParentPrefab: {fileID: 0}
  m_RootGameObject: {fileID: 1609094760599718}
  m_IsPrefabParent: 1
--- !u!1 &1609094760599718
GameObject:
  m_ObjectHideFlags: 0
  m_PrefabParentObject: {fileID: 0}
  m_PrefabInternal: {fileID: 100100000}
  serializedVersion: 5
  m_Component:
  - component: {fileID: 4930649519664612}
  - component: {fileID: 212907208350730894}
  - component: {fileID: 60669222014251520}
  m_Layer: 10
  m_Name: Tronc_Mort01
  m_TagString: Untagged
  m_Icon: {fileID: 2800000, guid: 1fa70af64980a480d87d85495a401f8a, type: 3}
  m_NavMeshLayer: 0
  m_StaticEditorFlags: 0
  m_IsActive: 1
--- !u!4 &4930649519664612
Transform:
  m_ObjectHideFlags: 1
  m_PrefabParentObject: {fileID: 0}
  m_PrefabInternal: {fileID: 100100000}
  m_GameObject: {fileID: 1609094760599718}
  m_LocalRotation: {x: -0.08715578, y: 0, z: 0, w: 0.9961947}
  m_LocalPosition: {x: -17.61, y: -0.25, z: -0.44}
  m_LocalScale: {x: 1, y: 1, z: 1}
  m_Children: []
  m_Father: {fileID: 0}
  m_RootOrder: 0
  m_LocalEulerAnglesHint: {x: 0, y: 0, z: 0}
--- !u!60 &60669222014251520
PolygonCollider2D:
  m_ObjectHideFlags: 1
  m_PrefabParentObject: {fileID: 0}
  m_PrefabInternal: {fileID: 100100000}
  m_GameObject: {fileID: 1609094760599718}
  m_Enabled: 1
  m_Density: 1
  m_Material: {fileID: 0}
  m_IsTrigger: 0
  m_UsedByEffector: 0
  m_UsedByComposite: 0
  m_Offset: {x: 0, y: 0}
  m_SpriteTilingProperty:
    border: {x: 0, y: 0, z: 0, w: 0}
    pivot: {x: 0.48682263, y: 0.16472276}
    oldSize: {x: 2.61, y: 1.06}
    newSize: {x: 2.61, y: 1.06}
    adaptiveTilingThreshold: 0.5
    drawMode: 0
    adaptiveTiling: 0
  m_AutoTiling: 0
  m_Points:
    m_Paths:
    - - {x: 1.2584633, y: 0.15567774}
      - {x: 1.0902901, y: 0.2893925}
      - {x: 0.8510189, y: 0.3207012}
      - {x: 0.3079872, y: 0.40987903}
      - {x: -0.35304642, y: 0.42462707}
      - {x: -0.84231186, y: 0.44576108}
      - {x: -1.1796664, y: 0.3559348}
      - {x: -1.1946857, y: 0.33090267}
      - {x: -1.2147114, y: 0.2608127}
      - {x: -1.2147114, y: 0.14065847}
      - {x: -1.2046986, y: 0.07056849}
      - {x: -1.2147114, y: -0.004527907}
      - {x: -1.2147114, y: -0.03957289}
      - {x: -1.1946857, y: -0.0595986}
      - {x: -1.139615, y: -0.054592174}
      - {x: -0.97440296, y: -0.024553614}
      - {x: -0.62895954, y: -0.019547187}
      - {x: -0.6239531, y: -0.024553614}
      - {x: -0.55886954, y: -0.029560039}
      - {x: -0.40367034, y: -0.034566466}
      - {x: -0.15835543, y: -0.03957289}
      - {x: 0.07694661, y: -0.06460503}
      - {x: 0.23715226, y: -0.07461788}
      - {x: 0.34729365, y: -0.0796243}
      - {x: 0.6426728, y: -0.10966286}
      - {x: 0.7177692, y: -0.11466929}
      - {x: 0.8829813, y: -0.11967572}
      - {x: 1.0131483, y: -0.11967572}
      - {x: 1.1633412, y: -0.11466929}
      - {x: 1.2234182, y: -0.104656436}
      - {x: 1.2534568, y: -0.08963716}
--- !u!212 &212907208350730894
SpriteRenderer:
  m_ObjectHideFlags: 1
  m_PrefabParentObject: {fileID: 0}
  m_PrefabInternal: {fileID: 100100000}
  m_GameObject: {fileID: 1609094760599718}
  m_Enabled: 1
  m_CastShadows: 0
  m_ReceiveShadows: 0
  m_DynamicOccludee: 1
  m_MotionVectors: 1
  m_LightProbeUsage: 1
  m_ReflectionProbeUsage: 1
  m_RenderingLayerMask: 4294967295
  m_Materials:
  - {fileID: 10754, guid: 0000000000000000f000000000000000, type: 0}
  m_StaticBatchInfo:
    firstSubMesh: 0
    subMeshCount: 0
  m_StaticBatchRoot: {fileID: 0}
  m_ProbeAnchor: {fileID: 0}
  m_LightProbeVolumeOverride: {fileID: 0}
  m_ScaleInLightmap: 1
  m_PreserveUVs: 0
  m_IgnoreNormalsForChartDetection: 0
  m_ImportantGI: 0
  m_StitchLightmapSeams: 0
  m_SelectedEditorRenderState: 0
  m_MinimumChartSize: 4
  m_AutoUVMaxDistance: 0.5
  m_AutoUVMaxAngle: 89
  m_LightmapParameters: {fileID: 0}
  m_SortingLayerID: 0
  m_SortingLayer: 0
  m_SortingOrder: 0
  m_Sprite: {fileID: 21300000, guid: 1b14ea7c57de657428e645c7d42c4e17, type: 3}
  m_Color: {r: 1, g: 1, b: 1, a: 1}
  m_FlipX: 0
  m_FlipY: 0
  m_DrawMode: 0
  m_Size: {x: 2.61, y: 1.06}
  m_AdaptiveModeThreshold: 0.5
  m_SpriteTileMode: 0
  m_WasSpriteAssigned: 1
  m_MaskInteraction: 0
